@article{article,
author = {Sarkar, Subham},
year = {2018},
month = {03},
pages = {},
title = {A survey of new research directions in microprocessors}
}